@online{wikipedia,
  author = {Wikipedia},
  title = {Matrix Multiplication},
  year = 2021,
  url = {https://en.wikipedia.org/wiki/Matrix_multiplication},
  urldate = {2021-02-03}
}


@online{wikipediaFP,
  author = {Wikipedia},
  title = {Floating point arithmetic},
  year = 2021,
  url = {https://en.wikipedia.org/wiki/Floating-point_arithmetic},
  urldate = {2021-02-03}
}

@online{Tensor Cores,
  author = {Zoomit},
  title = {What are the tensor cores},
  year = 2020,
  url = {https://www.zoomit.ir/graphic/360953-what-are-tensor-cores/},
  urldate = {2021-02-03}
}


@online{wikipediaTPU,
  author = {Wikipedia},
  title = {Tensor Processing Unit},
  year = 2021,
  url = {https://en.wikipedia.org/wiki/Tensor_Processing_Unit},
  urldate = {2021-02-03}
}


@online{Floating_Point_Operationss,
  author = {Ahmad Mahmoodi},
  title = {Ù‘Floating Point Operations slides},
  year = 2011,
  url = {http://facultymembers.sbu.ac.ir/a_mahmoudi/CmpArc_90_2/CmpArc_90_2_11.pdf},
  urldate = {2021-02-03}
}

@online{wikipedia3DP,
  author = {Wikipedia},
  title = {3D projection},
  year = 2021,
  url = {https://en.wikipedia.org/wiki/3D_projection},
  urldate = {2021-02-04}
}



@online{FPArithmatic,
  author = {eedwards},
  title = {Floating Point Numbers},
  url = {https://www.doc.ic.ac.uk/~eedwards/compsys/float/},
  urldate = {2021-02-05}
}